
@book{Kennedy:2001:OCM:502981,
 author = {Kennedy, Ken and Allen, John R.},
 title = {Optimizing Compilers for Modern Architectures: A Dependence-based Approach},
 year = {2002},
 isbn = {1-55860-286-0},
 publisher = {Morgan Kaufmann Publishers Inc.},
 address = {San Francisco, CA, USA},
}

@ARTICLE{atre_ea:2018:ccpe,
    author = {Atre, Rohit and Huda, Zia Ul and Wolf, Felix and Jannesari, Ali},
     month = mar,
     title = {Dissecting Sequential Programs for Parallelization - An Approach Based on Computational Units},
   journal = {Concurrency and Computation: Practice and Experience},
    volume = {31},
    number = {5},
      year = {2019},
     pages = {1-12},
       doi = {10.1002/cpe.4770}
}

@INPROCEEDINGS{roth_ea:vpa:2018,
     author = {Roth, Philip C. and Huck, Kevin and Gopalakrishnan, Ganesh and Wolf, Felix},
      month = nov,
      title = {Using Deep Learning for Automated Communication Pattern Characterization: Little Steps and Big Challenges},
  booktitle = {Proc. of the 5th Workshop on Visual Performance Analysis (VPA), held in conjunction with the Supercomputing Conference (SC18), Dallas, TX, USA},
       year = {2018},
       note = {(to appear)}
}

@INPROCEEDINGS{Atre:2017:spaa,
     author = {Atre, Rohit and Jannesari, Ali and Wolf, Felix},
      month = jul,
      title = {Meeting the challenges of parallelizing sequential programs},
  booktitle = {Proc. of the 29th ACM Symposium on Parallelism in Algorithms and Architectures (SPAA), Washington, DC, USA},
       year = {2017},
      pages = {363--365},
  publisher = {ACM},
       isbn = {978-1-4503-4593-4},
        doi = {10.1145/3087556.3087592}
}

@ARTICLE{Li:2016:discopop,
    author = {Li, Zhen and Atre, Rohit and Huda, Zia Ul and Jannesari, Ali and Wolf, Felix},
     month = jul,
     title = {Unveiling Parallelization Opportunities in Sequential Programs},
   journal = {Journal of Systems and Software},
    volume = {117},
      year = {2016},
     pages = {282â€“295},
       doi = {10.1016/j.jss.2016.03.045}
}

@INPROCEEDINGS{Huda:2016:parallel_patterns,
     author = {Huda, Zia Ul and Atre, Rohit and Jannesari, Ali and Wolf, Felix},
      month = may,
      title = {Automatic Parallel Pattern Detection in the Algorithm Structure Design Space},
  booktitle = {Proc. of the 30th IEEE International Parallel and Distributed Processing Symposium (IPDPS), Chicago, USA},
       year = {2016},
      pages = {43-52},
  publisher = {IEEE Computer Society},
        url = {http://dx.doi.org/10.1109/IPDPS.2016.60},
        doi = {10.1109/IPDPS.2016.60}
}

@INCOLLECTION{Li_ea:2015:DiscoPoP_Tools_HPC,
     author = {Li, Zhen and Atre, Rohit and Ul-Huda, Zia and Jannesari, Ali and Wolf, Felix},
      title = {DiscoPoP: A Profiling Tool to Identify Parallelization Opportunities},
  booktitle = {Tools for High Performance Computing 2014, Proc. of the 8th Parallel Tools Workshop,Stuttgart, Germany, October 2014},
    chapter = {3},
       year = {2015},
      pages = {37-54},
  publisher = {Springer International Publishing},
       isbn = {978-3-319-16011-5},
        url = {http://www.springer.com/us/book/9783319160115},
        doi = {10.1007/978-3-319-16012-2}
}

@INPROCEEDINGS{Li_ea:2015:task_parallelism,
     author = {Li, Zhen and Zhao, Bo and Jannesari, Ali and Wolf, Felix},
      month = nov,
      title = {Beyond Data Parallelism: Identifying Parallel Tasks in Sequential Programs},
  booktitle = {Proc. of 15th International Conference on Algorithms and Architectures for Parallel Processing (ICA3PP), Zhangjiajie, China},
     series = {Lecture Notes in Computer Science},
     volume = {9531},
       year = {2015},
      pages = {569-582},
  publisher = {Springer International Publishing},
       isbn = {978-3-319-27139-2},
        doi = {10.1007/978-3-319-27140-8_39}
}

@INPROCEEDINGS{fried_ea:2013:icmla,
     author = {Fried, Daniel and Li, Zhen and Jannesari, Ali and Wolf, Felix},
      month = {December},
      title = {Predicting Parallelization of Sequential Programs Using Supervised Learning},
  booktitle = {Proc. of the 12th IEEE International Conference on Machine Learning and Applications (ICMLA), Miami, FL, USA},
       year = {2013},
      pages = {72-77},
  publisher = {IEEE Computer Society},
  address   = {Miami, FL, USA},
        url = {http://ieeexplore.ieee.org/xpl/articleDetails.jsp?tp=&arnumber=6786084},
        doi = {10.1109/ICMLA.2013.108}
}

@article{Wilson:1994:SIR:193209.193217,
 author = {Wilson, Robert P. and French, Robert S. and Wilson, Christopher S. and Amarasinghe, Saman P. and Anderson, Jennifer M. and Tjiang, Steve W. K. and Liao, Shih-Wei and Tseng, Chau-Wen and Hall, Mary W. and Lam, Monica S. and Hennessy, John L.},
 title = {SUIF: An Infrastructure for Research on Parallelizing and Optimizing Compilers},
 journal = {SIGPLAN Not.},
 issue_date = {Dec. 1994},
 volume = {29},
 number = {12},
 month = dec,
 year = {1994},
 issn = {0362-1340},
 pages = {31--37},
 numpages = {7},
 url = {http://doi.acm.org/10.1145/193209.193217},
 doi = {10.1145/193209.193217},
 acmid = {193217},
 publisher = {ACM},
 address = {New York, NY, USA},
} 

@inproceedings{Tournavitis:2009:THA:1542476.1542496,
 author = {Tournavitis, Georgios and Wang, Zheng and Franke, Bj\"{o}rn and O'Boyle, Michael F.P.},
 title = {Towards a Holistic Approach to Auto-parallelization: Integrating Profile-driven Parallelism Detection and Machine-learning Based Mapping},
 booktitle = {Proceedings of the 30th ACM SIGPLAN Conference on Programming Language Design and Implementation},
 series = {PLDI '09},
 year = {2009},
 isbn = {978-1-60558-392-1},
 location = {Dublin, Ireland},
 pages = {177--187},
 numpages = {11},
 url = {http://doi.acm.org/10.1145/1542476.1542496},
 doi = {10.1145/1542476.1542496},
 acmid = {1542496},
 publisher = {ACM},
 address = {New York, NY, USA},
 keywords = {auto-parallelization, machine-learning based parallelism mapping, openmp, profile-driven parallelism detection},
}

@inproceedings{Manilov:2018:GPI:3178372.3179511,
 author = {Manilov, Stanislav and Vasiladiotis, Christos and Franke, Bj\"{o}rn},
 title = {Generalized Profile-guided Iterator Recognition},
 booktitle = {Proceedings of the 27th International Conference on Compiler Construction},
 series = {CC 2018},
 year = {2018},
 isbn = {978-1-4503-5644-2},
 location = {Vienna, Austria},
 pages = {185--195},
 numpages = {11},
 url = {http://doi.acm.org/10.1145/3178372.3179511},
 doi = {10.1145/3178372.3179511},
 acmid = {3179511},
 publisher = {ACM},
 address = {New York, NY, USA},
 keywords = {Loop iterators, loop analysis},
}

@article{Ferrante:1987:PDG:24039.24041,
 author = {Ferrante, Jeanne and Ottenstein, Karl J. and Warren, Joe D.},
 title = {The Program Dependence Graph and Its Use in Optimization},
 journal = {ACM Trans. Program. Lang. Syst.},
 issue_date = {July 1987},
 volume = {9},
 number = {3},
 month = jul,
 year = {1987},
 issn = {0164-0925},
 pages = {319--349},
 numpages = {31},
 url = {http://doi.acm.org/10.1145/24039.24041},
 doi = {10.1145/24039.24041},
 acmid = {24041},
 publisher = {ACM},
 address = {New York, NY, USA},
}

@misc{snu-npb-benchmarks,
 author = {Seoul National University},
 title = {SNU NAS Parallel Benchmarks},
 month = {August},
 year = {2012},
 url = {http://aces.snu.ac.kr/software/snu-npb/},
}

@misc{nasa-parallel-benchmarks,
 author = {NASA Advanced Supercomputing (NAS) Division},
 title = {NAS Parallel Benchmarks},
 month = {August},
 year = {2012},
 url = {https://www.nas.nasa.gov/publications/npb.html},
}

@article{scikit-learn,
 title={Scikit-learn: Machine Learning in {P}ython},
 author={Pedregosa, F. and Varoquaux, G. and Gramfort, A. and Michel, V.
         and Thirion, B. and Grisel, O. and Blondel, M. and Prettenhofer, P.
         and Weiss, R. and Dubourg, V. and Vanderplas, J. and Passos, A. and
         Cournapeau, D. and Brucher, M. and Perrot, M. and Duchesnay, E.},
 journal={Journal of Machine Learning Research},
 volume={12},
 pages={2825--2830},
 year={2011}
}

@article{McCabe:1976:CM:1313324.1313586,
 author = {McCabe, T. J.},
 title = {A Complexity Measure},
 journal = {IEEE Trans. Softw. Eng.},
 issue_date = {July 1976},
 volume = {2},
 number = {4},
 month = jul,
 year = {1976},
 issn = {0098-5589},
 pages = {308--320},
 numpages = {13},
 url = {https://doi.org/10.1109/TSE.1976.233837},
 doi = {10.1109/TSE.1976.233837},
 acmid = {1313586},
 publisher = {IEEE Press},
 address = {Piscataway, NJ, USA},
 keywords = {Basis, complexity measure, control flow, decomposition, graph theory, independence, linear, modularization, programming, reduction, software, testing, testing, Basis, complexity measure, control flow, decomposition, graph theory, independence, linear, modularization, programming, reduction, software},
} 

@misc{icc-opt-report-parser,
 author = {Aleksandr Maramzin, Christos Vasiladiotis, Murray Cole, Bj\"orn Franke},
 title = {Intel C/C++ Compiler optimization report parser},
 month = {November},
 year = {2018},
 url = {https://github.com/av-maramzin/icc-opt-report-compiler},
}

@misc{icc-compiler,
 author = {Intel Corporation},
 title = {Intel C/C++ Compiler (ICC)},
 year = {1985-2018},
 url = {https://software.intel.com/en-us/c-compilers},
}

@misc{icc-compiler,
 author = {Intel Corporation},
 title = {Intel C/C++ Compiler (ICC)},
 year = {1985-2018},
 url = {https://software.intel.com/en-us/c-compilers},
}

@inproceedings{Lattner:2004:LCF:977395.977673,
 author = {Lattner, Chris and Adve, Vikram},
 title = {LLVM: A Compilation Framework for Lifelong Program Analysis \& Transformation},
 booktitle = {Proceedings of the International Symposium on Code Generation and Optimization: Feedback-directed and Runtime Optimization},
 series = {CGO '04},
 year = {2004},
 isbn = {0-7695-2102-9},
 location = {Palo Alto, California},
 pages = {75--},
 url = {http://dl.acm.org/citation.cfm?id=977395.977673},
 acmid = {977673},
 publisher = {IEEE Computer Society},
 address = {Washington, DC, USA},
}

@misc{llvm-compiler-infrastructure,
 author = {LLVM Developer Group},
 title = {The LLVM Compiler Infrastructure},
 year = {2002-2019},
 url = {https://llvm.org/},
}

@misc{github-ppar-tool,
 author = {Aleksandr Maramzin},
 title = {Pervasive Parallelism Tool},
 year = {2018-2019},
 url = {https://github.com/av-maramzin/PParMetrics},
}

@misc{github-icc-parser,
 author = {Aleksandr Maramzin},
 title = {Pervasive Parallelism Tool},
 year = {2018-2019},
 url = {https://github.com/av-maramzin/icc-opt-report-compiler},
}

@article{Bacon:1994:CTH:197405.197406,
 author = {Bacon, David F. and Graham, Susan L. and Sharp, Oliver J.},
 title = {Compiler Transformations for High-performance Computing},
 journal = {ACM Comput. Surv.},
 issue_date = {Dec. 1994},
 volume = {26},
 number = {4},
 month = dec,
 year = {1994},
 issn = {0360-0300},
 pages = {345--420},
 numpages = {76},
 url = {http://doi.acm.org/10.1145/197405.197406},
 doi = {10.1145/197405.197406},
 acmid = {197406},
 publisher = {ACM},
 address = {New York, NY, USA},
 keywords = {compilation, dependence analysis, locality, multiprocessors, optimization, parallelism, superscalar processors, vectorization},
}

@book{James:2014:ISL:2517747,
  added-at = {2018-04-05T22:37:21.000+0200},
  address = {New York, NY},
  author = {James, Gareth},
  biburl = {https://www.bibsonomy.org/bibtex/274a3709f2596027b6716924020e40536/marcsaric},
  interhash = {4a17ec5eda95a576dc1b14320be4579d},
  intrahash = {74a3709f2596027b6716924020e40536},
  isbn = {978-1-4614-7138-7},
  keywords = {machine-learning r-language statistics textbook},
  publisher = {Springer},
  timestamp = {2018-04-05T22:37:21.000+0200},
  title = {An introduction to statistical learning : with applications in {R}},
  year = 2013
}

@BOOK{6813266, 
author={S. {Midkiff}}, 
booktitle={Automatic Parallelization: An Overview of Fundamental Compiler Techniques}, 
title={Automatic Parallelization: An Overview of Fundamental Compiler Techniques}, 
year={2012}, 
volume={}, 
number={}, 
pages={}, 
keywords={compilers;automatic parallelization;data dependence analysis;data flow analysis;intermediate representations;transformations;optimization;shared memory;distributed memory}, 
doi={}, 
ISSN={}, 
publisher={Morgan \& Claypool}, 
address={San Rafael, CA, USA},
isbn={9781608458424}, 
url={https://ieeexplore.ieee.org/document/6813266}
}

@inproceedings{Larsen:2012:PML:2410141.2410600,
 author = {Larsen, Per and Ladelsky, Razya and Lidman, Jacob and McKee, Sally A. and Karlsson, Sven and Zaks, Ayal},
 title = {Parallelizing More Loops with Compiler Guided Refactoring},
 booktitle = {Proceedings of the 2012 41st International Conference on Parallel Processing},
 series = {ICPP '12},
 year = {2012},
 isbn = {978-0-7695-4796-1},
 pages = {410--419},
 numpages = {10},
 url = {http://dx.doi.org/10.1109/ICPP.2012.48},
 doi = {10.1109/ICPP.2012.48},
 acmid = {2410600},
 publisher = {IEEE Computer Society},
 address = {Washington, DC, USA},
 keywords = {Automatic Loop Parallelization, Compiler Feedback, Refactoring},
} 

@article{Jensen:2017:ILD:3132652.3095754,
 author = {Jensen, Nicklas Bo and Karlsson, Sven},
 title = {Improving Loop Dependence Analysis},
 journal = {ACM Trans. Archit. Code Optim.},
 issue_date = {September 2017},
 volume = {14},
 number = {3},
 month = aug,
 year = {2017},
 issn = {1544-3566},
 pages = {22:1--22:24},
 articleno = {22},
 numpages = {24},
 url = {http://doi.acm.org/10.1145/3095754},
 doi = {10.1145/3095754},
 acmid = {3095754},
 publisher = {ACM},
 address = {New York, NY, USA},
 keywords = {OpenMP, SIMD, automatic vectorization},
}

@inproceedings{Seo:2011:PCN:2357490.2358063,
 author = {Seo, Sangmin and Jo, Gangwon and Lee, Jaejin},
 title = {Performance Characterization of the {NAS} Parallel Benchmarks in {OpenCL}},
 booktitle = {Proceedings of the 2011 IEEE International Symposium on Workload Characterization},
 series = {IISWC '11},
 year = {2011},
 isbn = {978-1-4577-2063-5},
 pages = {137--148},
 numpages = {12},
 url = {http://dx.doi.org/10.1109/IISWC.2011.6114174},
 doi = {10.1109/IISWC.2011.6114174},
 acmid = {2358063},
 publisher = {IEEE Computer Society},
 address = {Washington, DC, USA},
} 

@article{Dagum:1998:OIA:615255.615542,
 author = {Dagum, Leonardo and Menon, Ramesh},
 title = {OpenMP: An Industry-Standard API for Shared-Memory Programming},
 journal = {IEEE Comput. Sci. Eng.},
 issue_date = {January 1998},
 volume = {5},
 number = {1},
 month = jan,
 year = {1998},
 issn = {1070-9924},
 pages = {46--55},
 numpages = {10},
 url = {https://doi.org/10.1109/99.660313},
 doi = {10.1109/99.660313},
 acmid = {615542},
 publisher = {IEEE Computer Society Press},
 address = {Los Alamitos, CA, USA},
} 

@INPROCEEDINGS{4907653, 
author={H. {Leather} and E. {Bonilla} and M. {O'Boyle}}, 
booktitle={2009 International Symposium on Code Generation and Optimization}, 
title={Automatic Feature Generation for Machine Learning Based Optimizing Compilation}, 
year={2009}, 
volume={}, 
number={}, 
pages={81-91}, 
keywords={genetic algorithms;grammars;learning (artificial intelligence);program compilers;automatic feature generation;machine learning;compilation;compiler writer;grammar;genetic programming;predictive modeling;loop unrolling;Pentium 6;feature generation technique;Machine learning;Optimizing compilers;Machine learning algorithms;Humans;Program processors;Informatics;Learning systems;Genetic programming;Predictive models;Tree data structures}, 
doi={10.1109/CGO.2009.21}, 
ISSN={}, 
month={March}
}

@INPROCEEDINGS{1402082, 
author={M. {Stephenson} and S. {Amarasinghe}}, 
booktitle={International Symposium on Code Generation and Optimization}, 
title={Predicting unroll factors using supervised classification}, 
year={2005}, 
volume={}, 
number={}, 
pages={123-134}, 
keywords={program control structures;optimising compilers;learning (artificial intelligence);parallelising compilers;heuristic programming;program compilers;machine learning;loop unrolling;branch prediction;instruction level parallelism;Open Research Compiler;supervised learning;SPEC 2000 benchmark suite;optimising compilers;heuristic programming;Pipeline processing;Machine learning;Humans;Optimizing compilers;Support vector machines;Support vector machine classification;History;Computer science;Artificial intelligence;Laboratories}, 
doi={10.1109/CGO.2005.29}, 
ISSN={}, 
month={March}
}

@InProceedings{Zhao2003ToIO,
author="Zhao, Peng
and Amaral, Jos{\'e} Nelson",
editor="Rauchwerger, Lawrence",
title="To Inline or Not to Inline? Enhanced Inlining Decisions",
booktitle="Languages and Compilers for Parallel Computing",
year="2004",
publisher="Springer Berlin Heidelberg",
address="Berlin, Heidelberg",
pages="405--419",
abstract="The decision to inline aÃ‚Â procedure in the Open Research Compiler (ORC) was based on aÃ‚Â temperature heuristics that takes into consideration the time spent in aÃ‚Â procedure and the size of the procedure. In this paper we describe the trade-off that has to be worked out to make the correct inlining decisions. We introduce two new heuristics to enhance the ORC inlining heuristics: adaptation and cycle{\_}density. With adaptation we are allowed to vary the temperature threshold and prevent penalizing small benchmarks. With cycle{\_}density we prevent the inlining of procedures that have aÃ‚Â high temperature in spite of being called infrequently. Experiments show that while adaptation improves the speedup obtained with inlining across the SPEC2000 suite, cycle{\_}density reduces significantly both the code growth and compilation time increase caused by inlining. We then characterize the SPEC INT2000 benchmarks according to the inlining potential of their function calls. Our enhancement is released in the ORC 2.0.",
isbn="978-3-540-24644-2"
}




@INPROCEEDINGS{1559966, 
author={J. {Cavazos} and M. F. P. {O'Boyle}}, 
booktitle={SC '05: Proceedings of the 2005 ACM/IEEE Conference on Supercomputing}, 
title={Automatic Tuning of Inlining Heuristics}, 
year={2005}, 
volume={}, 
number={}, 
pages={14-14}, 
keywords={Optimizing compilers;Costs;Java;Dynamic compiler;Program processors;Computer languages;Runtime;Permission;Computer architecture;Informatics}, 
doi={10.1109/SC.2005.14}, 
ISSN={}, 
month={Nov}
}

@inproceedings{Almagor:2004:FEC:997163.997196,
 author = {Almagor, L. and Cooper, Keith D. and Grosul, Alexander and Harvey, Timothy J. and Reeves, Steven W. and Subramanian, Devika and Torczon, Linda and Waterman, Todd},
 title = {Finding Effective Compilation Sequences},
 booktitle = {Proceedings of the 2004 ACM SIGPLAN/SIGBED Conference on Languages, Compilers, and Tools for Embedded Systems},
 series = {LCTES '04},
 year = {2004},
 isbn = {1-58113-806-7},
 location = {Washington, DC, USA},
 pages = {231--239},
 numpages = {9},
 url = {http://doi.acm.org/10.1145/997163.997196},
 doi = {10.1145/997163.997196},
 acmid = {997196},
 publisher = {ACM},
 address = {New York, NY, USA},
 keywords = {adaptive compilers, learning models}
} 

@inproceedings{Cooper:2005:AAC:1065910.1065921,
 author = {Cooper, Keith D. and Grosul, Alexander and Harvey, Timothy J. and Reeves, Steven and Subramanian, Devika and Torczon, Linda and Waterman, Todd},
 title = {ACME: Adaptive Compilation Made Efficient},
 booktitle = {Proceedings of the 2005 ACM SIGPLAN/SIGBED Conference on Languages, Compilers, and Tools for Embedded Systems},
 series = {LCTES '05},
 year = {2005},
 isbn = {1-59593-018-3},
 location = {Chicago, Illinois, USA},
 pages = {69--77},
 numpages = {9},
 url = {http://doi.acm.org/10.1145/1065910.1065921},
 doi = {10.1145/1065910.1065921},
 acmid = {1065921},
 publisher = {ACM},
 address = {New York, NY, USA},
 keywords = {adaptive compilation},
} 

@article{Ashouri:2017:MMC:3132652.3124452,
 author = {Ashouri, Amir H. and Bignoli, Andrea and Palermo, Gianluca and Silvano, Cristina and Kulkarni, Sameer and Cavazos, John},
 title = {MiCOMP: Mitigating the Compiler Phase-Ordering Problem Using Optimization Sub-Sequences and Machine Learning},
 journal = {ACM Trans. Archit. Code Optim.},
 issue_date = {September 2017},
 volume = {14},
 number = {3},
 month = sep,
 year = {2017},
 issn = {1544-3566},
 pages = {29:1--29:28},
 articleno = {29},
 numpages = {28},
 url = {http://doi.acm.org/10.1145/3124452},
 doi = {10.1145/3124452},
 acmid = {3124452},
 publisher = {ACM},
 address = {New York, NY, USA},
 keywords = {Autotuning, optimizations, phase-ordering, supervised-learning},
} 